@online{strokeorg,
  author = {stroke.org},
  title = {Stroke Risk Factors You Can Control},
  year = 2021,
  url = {https://www.stroke.org/en/about-stroke/stroke-risk-factors/stroke-risk-factors-you-can-control-treat-and-improve},
  urldate = {2021-03-31}
}

@online{kaggle,
  author = {kaggle.com/fedesoriano},
  title = {Stroke Prediction Dataset},
  year = 2021,
  url = {https://www.kaggle.com/fedesoriano/stroke-prediction-dataset?select=healthcare-dataset-stroke-data.csv},
  urldate = {2021-03-31}
}